@Book{pruvodce,
  author    = {Martin Mareš and Tomáš Valla},
  publisher = {CZ.NIC},
  title     = {Průvodce labyrintem algoritmů},
  year      = {2022},
  address   = {Praha},
  edition   = {Druhé vydání},
  isbn      = {978-80-88168-63-8},
}

@Misc{cerny,
  author    = {Jakub Černý},
  title     = {Základní grafové algoritmy},
  year      = {2010},
  publisher = {MFF UK},
  url       = {https://docplayer.cz/4802558-Zakladni-grafove-algoritmy.html},
}

@Book{intro,
  author    = {Thomas H. Cormen and Clifford Stein and Ronald L. Rivest and Charles E. Leiserson},
  publisher = {The MIT press},
  title     = {Introduction to Algorithms},
  year      = {2022},
  address   = {Cambridge, Massachusetts},
  edition   = {Fourth edition},
  isbn      = {9780262046305},
}

@Misc{neckar,
  author           = {Jan Neckář},
  note             = {(cit. 20. 1. 2024)},
  title            = {Algoritmy},
  year             = {© 2016},
  comment          = {(cit. 30. 1. 2024)},
  comment-alexandr = {(cit. 30. 1. 2024)},
  url              = {https://www.algoritmy.net/},
}

@article{mehri,
  title={From Al-Khwarizmi to Algorithm},
  author={Mehri, Bahman},
  journal={Sharif University of Technology, Iran},
  year={2017}
}

@Misc{dvorsky,
  author = {Jiří Dvorský},
  note   = {Verze ze dne 28. února 2007},
  title  = {Algoritmy I},
  year   = {2007},
  url    = {https://fei.znoj.cz/soubory/ALG I/skripta.pdf},
}

@Book{history,
  author    = {Jean-Luc Chabert and others},
  publisher = {Springer Berlin, Heidelberg},
  title     = {A History of Algorithms},
  year      = {1999},
  isbn      = {9783540633693},
  subtitle  = {From the Pebble to the Microchip},
}

@Book{zaklady,
  author    = {Miroslav Virius},
  publisher = {Praha: ČVUT},
  title     = {Základy algoritmizace},
  year      = {2008},
  isbn      = {978-80-01-04003-4},
  url       = {http://www.jaderny-prvak.8u.cz/wp-content/uploads/2013/02/Základy-algoritmizace-skripta-21.pdf},
}

@Comment{jabref-meta: databaseType:bibtex;}
